
@inbook{Skript,
    author ={Prof.Dr.-Ing. Sven Tschirley},
    title = {Elektronik Praktikum Laborskript Winter 2022},
    publisher ={Technische Universit√§t Berlin} ,
    year = {2023} ,
    chapter = {3},
}

@manual{Datenblatt:TL072,
    organization  = "Texas Instrumnets",
    title         = "TL07xx Low-Noise FET-Input Operational Amplifiers",
    number        = "TL072,",
    year          =  2023,
    month         =  4,    
    note          = "Revised"
}

@manual{Texas_Instruments,
  author = {Texas Instruments Incorporated},
  title = {Filter Design Tool},
  year = {2024},
  howpublished = {\url{https://webench.ti.com/filter-design-tool/}},
}



             
