
@inbook{Skript,
    author ={Prof.Dr.-Ing. Sven Tschirley},
    title = {Elektronik Praktikum Laborskript Winter 2022},
    publisher ={Technische Universität Berlin} ,
    year = {2023} ,
    chapter = {3},
}


@inbook{SkriptElektronik,
    author ={Prof. Dr.-Ing. Reinhold Orglmeister},
    title = {Elektronik Skript},
    publisher ={Technische Universität Berlin},
    year = {2017} ,

}

@manual{Datenblatt:TL072,
    organization  = "Texas Instrumnets",
    title         = "TL07xx Low-Noise FET-Input Operational Amplifiers",
    number        = "TL072,",
    year          =  2023,
    month         =  4,    
    note          = "Revised"
}
@book{tietze1991electronic,
  title={Electronic circuits},
  author={Tietze, Ulrich and Schenk, Christoph and Schmid, Eberhard},
  year={1991},
  publisher={Springer}
}

@manual{Texas_Instruments,
  author = {Texas Instruments Incorporated},
  title = {Filter Design Tool},
  year = {2024},
  howpublished = {\url{https://webench.ti.com/filter-design-tool/}},
}



             
